@article{berrett2019nonparametric,
  title={Nonparametric independence testing via mutual information},
  author={Berrett, Thomas B and Samworth, Richard J},
  journal={Biometrika},
  volume={106},
  number={3},
  pages={547--566},
  year={2019}
}

@article{shah2018hardness,
  title={The hardness of conditional independence testing and the generalised covariance measure},
  author={Shah, Rajen D and Peters, Jonas},
  journal={arXiv preprint arXiv:1804.07203},
  year={2018}
}

@article{hoeffding1948non,
  title={A non-parametric test of independence},
  author={Hoeffding, Wassily},
  journal={The Annals of Mathematical Statistics},
  pages={546--557},
  year={1948},
  volume={19},
  number={4}
}

@article{romano2004non,
  title={On Non-parametric Testing, the Uniform Behaviour of the t-test, and Related Problems},
  author={Romano, Joseph P},
  journal={Scandinavian Journal of Statistics},
  volume={31},
  number={4},
  pages={567--584},
  year={2004},
  publisher={Wiley Online Library}
}

@article{bahadur1956nonexistence,
  title={The nonexistence of certain statistical procedures in nonparametric problems},
  author={Bahadur, Raghu R and Savage, Leonard J},
  journal={The Annals of Mathematical Statistics},
  volume={27},
  number={4},
  pages={1115--1122},
  year={1956},
}

@book{lehmann2006testing,
  title={Testing Statistical Hypotheses},
  author={Lehmann, Erich L and Romano, Joseph P},
  year={2008},
  publisher={Springer Science + Business Media}
}

@article{gleser1987nonexistence,
  title={The nonexistence of 100 (1-$\alpha$)\% confidence sets of finite expected diameter in errors-in-variables and related models},
  author={Gleser, Leon Jay and Hwang, Jiunn T},
  journal={The Annals of Statistics},
  pages={1351--1362},
  year={1987},
  volume={15},
  nuber={4},
  publisher={Institute of Mathematical Statistics}
}

@book{rudin2006real,
  title={Real and Complex Analysis},
  author={Rudin, Walter},
  year={1986},
  publisher={McGraw-Hill}
}

@article{donoho1988one,
  title={One-sided inference about functionals of a density},
  author={Donoho, David L},
  journal={The Annals of Statistics},
  volume={16},
  number={4},
  pages={1390--1420},
  year={1988}
}